
@Book{Mcpu96,
  author = 	 {Malone, Michael S.},
  title = 	 {Der Mikroprozessor: Eine ungewöhnliche Biographie},
  publisher = 	 {Springer},
  year = 	 {1996}
}

@Article{ct04bbe,
  author = 	 {Benz, Benjamin},
  title = 	 {Chips mit System: Entwurfswerkzeuge simulieren Prozessoren und generieren Compiler},
  journal = 	 {c't, Magazin für Computertechnik},
  year = 	 {2004},
  OPTnumber = 	 {20}
}

@Book{Bis95,
  author =       {C. M. Bishop},
  title =        {Neural Networks for Pattern Recognition},
  publisher =    {Oxford University Press Inc.},
  address =      {New York NY.},
  year =         {1995}
}
@InProceedings{bundy84,
author = {A. Bundy and B. Du Bolay and J. Howe and G. Plotkin},
title = {How to get a Ph.D. in AI.},
booktitle = {Tools, Techniques and Applications},
OPTpages = {139--154},
OPTyear = {1984},
OPTaddress = {New York},
OPTorganization = {Harper&Row}
}
@InProceedings{ert93,
author = {M. Anton Ertl},
title = {Aufbau wissenschaftlicher Artikel.},
year = {1993},
OPTaddress = {Wien},
OPTorganization = {TU Wien, Institut für Computersprachen}
}
@InProceedings{mar91,
author = {Salvatore T. March},
title = {Editorial Policy},
booktitle = {ACM Computing Surveys},
OPTpages = {133--141},
OPTvolume = "23",
OPTnumber ="2",
year = {1991},
OPTmonth = {June}
}
@InProceedings{pug91,
author = {William Pugh},
title = {Advice to authors of extended abstracts},
OPTpages = {353--356},
year = {1991},
OPTorganization = {SIGPLAN '91 Conference on Programming Language Design and Implementation}
}
@InProceedings{Tro92,
author = {Bernhard Trösch},
title = {Sprachliche Richtlinien},
year = {1992},
OPTaddress = {Aarau},
OPTmonth = {Mai},
OPTorganization = {Von der Redaktion ``Elektroniker"/``EC Woche"}
}
