
@proceedings			{Dante,
  editor =       	{B. Raichle and R. Niepraschk and T. Hafner},
  title =        	{Fragen und Antworten (FAQ) über das Textsatzsystem TeX und DANTE},
  version =    		{72},
  year =         	{2003},
  month =					{September},
  note = 					{\url{www.dante.de}},
  organization = 	{Deutschsprachige Anwendervereinigung TeX e.V.}
}

@proceedings			{ICT07,
  title =        	{Homepage},
  year =         	{2007},
  month = 				{May},
  note = 					{\url{www.ict.tuwien.ac.at}},
  organization = 	{Institute of Computer Technology}
}

@proceedings			{merk,
  year =         	{2007},
  month = 				{May},
  note = 					{\url{www.ict.tuwien.ac.at/skripten/Merkblatt/}},
  organization = 	{Merkblatt für den Aufbau wissenschaftlicher Arbeiten.}
}
