% Encoding: UTF-8

@Article{Oya2015,
  author    = {M. Oya and Y. Shi and M. Yanagisawa and N. Togawa},
  title     = {A score-based classification method for identifying Hardware-Trojans at gate-level netlists},
  year      = {2015},
  pages     = {465-470},
  month     = {March},
  issn      = {1530-1591},
  booktitle = {2015 Design, Automation Test in Europe Conference Exhibition (DATE)},
  doi       = {10.7873/DATE.2015.0352},
  file      = {:pdf/07092434.pdf:PDF},
  keywords  = {benchmark testing;feature extraction;integrated circuit design;invasive software;pattern classification;semiconductor industry;score-based classification method;hardware-trojan identification;gate-level netlist;digital ICs;semiconductor industry;malicious attackers;IC design phase;RT-level netlist;HT-free netlist;Golden netlist;HT-inserted netlist;Trojan net feature extraction;Trust-HUB gate-level benchmarks;HT-inserted gate-level benchmarks;HT-free gate-level benchmarks;Trojan horses;Logic gates;Benchmark testing;Feature extraction;Integrated circuits;Adders;Logic testing;hardware Trojans;golden-IC free;classification;identification;gate-level netlist},
}

@Comment{jabref-meta: databaseType:bibtex;}
